% This file was created with JabRef 2.10.
% Encoding: Cp1252


@Article{castae2010active,
  Title                    = {Active noise hybrid time-varying control for motorcycle helmets},
  Author                   = {Castae-Selga, R},
  Journal                  = {Control Systems Technology, IEEE Transactions on},
  Year                     = {2010},
  Number                   = {3},
  Pages                    = {602--612},
  Volume                   = {18},

  Publisher                = {IEEE}
}

@InProceedings{esnaola2005mirela,
  Title                    = {Mirela: a musical robot},
  Author                   = {Esnaola, Urko and Smithers, Tim},
  Booktitle                = {Computational Intelligence in Robotics and Automation, 2005. CIRA 2005. Proceedings. 2005 IEEE International Symposium on},
  Year                     = {2005},
  Organization             = {IEEE},
  Pages                    = {67--72}
}

@Article{violini2014,
  Title                    = {Identification and Robust Active Noise Control in Helmets},
  Author                   = {Garcia Violini, D},
  Journal                  = {International Journal of Systems Science},
  Year                     = {2014},

  Owner                    = {mhe},
  Timestamp                = {2014.03.31}
}

@Book{ljung1999system,
  Title                    = {System identification},
  Author                   = {Ljung, Lennart},
  Publisher                = {Wiley Online Library},
  Year                     = {1999}
}

@Article{mckelvey1996subspace,
  Title                    = {Subspace-based multivariable system identification from frequency response data},
  Author                   = {McKelvey, Tomas and Ak{\c{c}}ay, H{\"u}seyin and Ljung, Lennart},
  Journal                  = {Automatic Control, IEEE Transactions on},
  Year                     = {1996},
  Number                   = {7},
  Pages                    = {960--979},
  Volume                   = {41},

  Publisher                = {IEEE}
}

@Article{van1994n4sid,
  Title                    = {N4SID: Subspace algorithms for the identification of combined deterministic-stochastic systems},
  Author                   = {Van Overschee, Peter and De Moor, Bart},
  Journal                  = {Automatica},
  Year                     = {1994},
  Number                   = {1},
  Pages                    = {75--93},
  Volume                   = {30},

  Publisher                = {Elsevier}
}

